@article{gabor1948,
  author = {Gabor, Dennis},
  title = {A New Microscopic Principle},
  journal = {Nature},
  volume = {161},
  number = {4098},
  pages = {777--778},
  year = {1948}
}
@book{goodman2017,
  author = {Goodman, Joseph W.},
  title = {Introduction to Fourier Optics},
  publisher = {Roberts and Company},
  year = {2017}
}
@book{born1999,
  author = {Born, Max and Wolf, Emil},
  title = {Principles of Optics},
  publisher = {Cambridge University Press},
  year = {1999}
}
@book{hecht2017,
  author = {Hecht, Eugene},
  title = {Optics},
  publisher = {Pearson},
  year = {2017}
}
@article{plate1995,
  author = {Plate, Tony A.},
  title = {Holographic Reduced Representations},
  journal = {IEEE Transactions on Neural Networks},
  volume = {6},
  number = {3},
  pages = {623--641},
  year = {1995}
}
@book{plate2003,
  author = {Plate, Tony A.},
  title = {Holographic Reduced Representation: Distributed Representation for Cognitive Structures},
  publisher = {CSLI Publications},
  year = {2003}
}
@article{kanerva2009,
  author = {Kanerva, Pentti},
  title = {Hyperdimensional Computing: An Introduction to Computing in Distributed Representation with High-Dimensional Random Vectors},
  journal = {Cognitive Computation},
  volume = {1},
  pages = {139--159},
  year = {2009}
}
@article{shannon1948,
  author = {Shannon, Claude E.},
  title = {A Mathematical Theory of Communication},
  journal = {Bell System Technical Journal},
  volume = {27},
  pages = {379--423, 623--656},
  year = {1948}
}
@book{cover2006,
  author = {Cover, Thomas M. and Thomas, Joy A.},
  title = {Elements of Information Theory},
  edition = {2},
  publisher = {Wiley},
  year = {2006}
}
@book{mackay2003,
  author = {MacKay, David J. C.},
  title = {Information Theory, Inference, and Learning Algorithms},
  publisher = {Cambridge University Press},
  year = {2003}
}
@article{donoho2006,
  author = {Donoho, David L.},
  title = {Compressed Sensing},
  journal = {IEEE Transactions on Information Theory},
  volume = {52},
  number = {4},
  pages = {1289--1306},
  year = {2006}
}
@article{candes2008,
  author = {Cand\`es, Emmanuel J. and Wakin, Michael B.},
  title = {An Introduction to Compressive Sensing},
  journal = {IEEE Signal Processing Magazine},
  volume = {25},
  number = {2},
  pages = {21--30},
  year = {2008}
}
@article{candes2006,
  author = {Cand\`es, Emmanuel J. and Romberg, Justin and Tao, Terence},
  title = {Robust Uncertainty Principles: Exact Signal Reconstruction from Highly Incomplete Frequency Information},
  journal = {IEEE Transactions on Information Theory},
  volume = {52},
  number = {2},
  pages = {489--509},
  year = {2006}
}
@article{tropp2007,
  author = {Tropp, Joel A. and Gilbert, Anna C.},
  title = {Signal Recovery From Random Measurements via Orthogonal Matching Pursuit},
  journal = {IEEE Transactions on Information Theory},
  volume = {53},
  number = {12},
  pages = {4655--4666},
  year = {2007}
}
@book{mallat1999,
  author = {Mallat, St\'ephane},
  title = {A Wavelet Tour of Signal Processing},
  publisher = {Academic Press},
  year = {1999}
}
@book{daubechies1992,
  author = {Daubechies, Ingrid},
  title = {Ten Lectures on Wavelets},
  publisher = {SIAM},
  year = {1992}
}
@inproceedings{johnson1984,
  author = {Johnson, William B. and Lindenstrauss, Joram},
  title = {Extensions of Lipschitz Mappings into a Hilbert Space},
  booktitle = {Contemporary Mathematics},
  volume = {26},
  pages = {189--206},
  year = {1984}
}
@inproceedings{achlioptas2003,
  author = {Achlioptas, Dimitris},
  title = {Database-friendly Random Projections: Johnson-Lindenstrauss with Binary Coins},
  booktitle = {Proceedings of PODS},
  pages = {274--281},
  year = {2003}
}
@article{jegou2011,
  author = {J\'egou, Herv\'e and Douze, Matthijs and Schmid, Cordelia},
  title = {Product Quantization for Nearest Neighbor Search},
  journal = {IEEE Transactions on Pattern Analysis and Machine Intelligence},
  volume = {33},
  number = {1},
  pages = {117--128},
  year = {2011}
}
@book{oppenheim1999,
  author = {Oppenheim, Alan V. and Schafer, Ronald W.},
  title = {Discrete-Time Signal Processing},
  publisher = {Prentice Hall},
  year = {1999}
}
@misc{cooley1965,
  author = {Cooley, James W. and Tukey, John W.},
  title = {An Algorithm for the Machine Calculation of Complex Fourier Series},
  howpublished = {Mathematics of Computation},
  year = {1965}
}
@book{boyd2004,
  author = {Boyd, Stephen and Vandenberghe, Lieven},
  title = {Convex Optimization},
  publisher = {Cambridge University Press},
  year = {2004}
}
@book{bertsekas1999,
  author = {Bertsekas, Dimitri P.},
  title = {Nonlinear Programming},
  publisher = {Athena Scientific},
  year = {1999}
}
@book{salomon2010,
  author = {Salomon, David and Motta, Giovanni},
  title = {Handbook of Data Compression},
  publisher = {Springer},
  year = {2010}
}
@article{ziv1977,
  author = {Ziv, Jacob and Lempel, Abraham},
  title = {A Universal Algorithm for Sequential Data Compression},
  journal = {IEEE Transactions on Information Theory},
  volume = {23},
  number = {3},
  pages = {337--343},
  year = {1977}
}
@book{witten1999,
  author = {Witten, Ian H. and Moffat, Alistair and Bell, Timothy C.},
  title = {Managing Gigabytes},
  publisher = {Morgan Kaufmann},
  year = {1999}
}
@inproceedings{rahimi2007,
  author = {Rahimi, Ali and Recht, Benjamin},
  title = {Random Features for Large-Scale Kernel Machines},
  booktitle = {NIPS},
  year = {2007}
}
@inproceedings{suresh2017,
  author = {Suresh, Ananda Theertha and Yu, Felix and Kumar, Sanjiv and McMahan, H. Brendan},
  title = {Distributed Mean Estimation with Fewer Bits},
  booktitle = {ICML},
  year = {2017}
}
@article{gray1998,
  author = {Gray, Robert M. and Neuhoff, David L.},
  title = {Quantization},
  journal = {IEEE Transactions on Information Theory},
  volume = {44},
  number = {6},
  pages = {2325--2383},
  year = {1998}
}
@article{vitter1985,
  author = {Vitter, Jeffrey Scott},
  title = {Random Sampling with a Reservoir},
  journal = {ACM Transactions on Database Systems},
  volume = {11},
  number = {1},
  pages = {37--57},
  year = {1985}
}
@article{blumensath2008,
  author = {Blumensath, Thomas and Davies, Mike E.},
  title = {Iterative Hard Thresholding for Compressed Sensing},
  journal = {Applied and Computational Harmonic Analysis},
  volume = {27},
  number = {3},
  pages = {265--274},
  year = {2009}
}
@article{needell2009,
  author = {Needell, Deanna and Tropp, Joel A.},
  title = {CoSaMP: Iterative Signal Recovery from Incomplete and Inaccurate Samples},
  journal = {Applied and Computational Harmonic Analysis},
  volume = {26},
  number = {3},
  pages = {301--321},
  year = {2009}
}
@article{candes2005,
  author = {Cand\`es, Emmanuel J. and Tao, Terence},
  title = {Decoding by Linear Programming},
  journal = {IEEE Transactions on Information Theory},
  volume = {51},
  number = {12},
  pages = {4203--4215},
  year = {2005}
}
@book{wainwright2019,
  author = {Wainwright, Martin J.},
  title = {High-Dimensional Statistics},
  publisher = {Cambridge University Press},
  year = {2019}
}
@book{mitzenmacher2005,
  author = {Mitzenmacher, Michael and Upfal, Eli},
  title = {Probability and Computing},
  publisher = {Cambridge University Press},
  year = {2005}
}
@article{kolda2009},
  author = {Kolda, Tamara G. and Bader, Brett W.},
  title = {Tensor Decompositions and Applications},
  journal = {SIAM Review},
  volume = {51},
  number = {3},
  pages = {455--500},
  year = {2009}
}
